<marcxml:record xmlns:xlink="http://www.w3.org/1999/xlink" xmlns:marcxml="http://www.loc.gov/MARC21/slim" xmlns:mets="http://www.loc.gov/METS/" xmlns:mxe="http://www.loc.gov/mxe" xmlns:rdf="http://www.w3.org/1999/02/22-rdf-syntax-ns#" xmlns:rdfs="http://www.w3.org/2000/01/rdf-schema#" xmlns:skos="http://www.w3.org/2004/02/skos/core#" xmlns:madsrdf="http://www.loc.gov/mads/rdf/v1#" xmlns:ri="http://id.loc.gov/ontologies/RecordInfo#" xmlns:sem="http://marklogic.com/semantics">
  <marcxml:leader>00895cz  a2200205n  4500</marcxml:leader>
  <marcxml:controlfield tag="001">n79109863</marcxml:controlfield>
  <marcxml:controlfield tag="003">DLC</marcxml:controlfield>
  <marcxml:controlfield tag="005">20150620053215.0</marcxml:controlfield>
  <marcxml:controlfield tag="008">800609n| azannaabn          |a aaa      </marcxml:controlfield>
  <marcxml:datafield tag="010" ind1=" " ind2=" ">
    <marcxml:subfield code="a">n  79109863 </marcxml:subfield>
  </marcxml:datafield>
  <marcxml:datafield tag="035" ind1=" " ind2=" ">
    <marcxml:subfield code="a">(OCoLC)oca00341755</marcxml:subfield>
  </marcxml:datafield>
  <marcxml:datafield tag="040" ind1=" " ind2=" ">
    <marcxml:subfield code="a">DLC</marcxml:subfield>
    <marcxml:subfield code="b">eng</marcxml:subfield>
    <marcxml:subfield code="c">DLC</marcxml:subfield>
    <marcxml:subfield code="d">DLC</marcxml:subfield>
    <marcxml:subfield code="e">rda</marcxml:subfield>
    <marcxml:subfield code="d">DNLM</marcxml:subfield>
  </marcxml:datafield>
  <marcxml:datafield tag="046" ind1=" " ind2=" ">
    <marcxml:subfield code="f">15971127</marcxml:subfield>
    <marcxml:subfield code="g">1669</marcxml:subfield>
  </marcxml:datafield>
  <marcxml:datafield tag="100" ind1="0" ind2=" ">
    <marcxml:subfield code="a">Pietro,</marcxml:subfield>
    <marcxml:subfield code="c">da Cortona,</marcxml:subfield>
    <marcxml:subfield code="d">1597-1669</marcxml:subfield>
  </marcxml:datafield>
  <marcxml:datafield tag="400" ind1="0" ind2=" ">
    <marcxml:subfield code="w">nne</marcxml:subfield>
    <marcxml:subfield code="a">Pietro,</marcxml:subfield>
    <marcxml:subfield code="c">da Cortona,</marcxml:subfield>
    <marcxml:subfield code="d">1596-1669</marcxml:subfield>
  </marcxml:datafield>
  <marcxml:datafield tag="400" ind1="1" ind2=" ">
    <marcxml:subfield code="a">Berettini, Pietro,</marcxml:subfield>
    <marcxml:subfield code="d">1597-1669</marcxml:subfield>
  </marcxml:datafield>
  <marcxml:datafield tag="400" ind1="1" ind2=" ">
    <marcxml:subfield code="a">Berrettini, Pietro,</marcxml:subfield>
    <marcxml:subfield code="d">1597-1669</marcxml:subfield>
  </marcxml:datafield>
  <marcxml:datafield tag="400" ind1="1" ind2=" ">
    <marcxml:subfield code="a">Cortona, Pietro da,</marcxml:subfield>
    <marcxml:subfield code="d">1597-1669</marcxml:subfield>
  </marcxml:datafield>
  <marcxml:datafield tag="670" ind1=" " ind2=" ">
    <marcxml:subfield code="a">Fagiolo dell'Arco, M. Pietro da Cortona e i "cortoneschi," 1998:</marcxml:subfield>
    <marcxml:subfield code="b">p. 7 (correct d. of b. is Nov. 27, 1597; this is from baptismal document; for some unknown reason, the date Nov. 1, 1596 had been engraved on his sepulcher)</marcxml:subfield>
  </marcxml:datafield>
  <marcxml:datafield tag="670" ind1=" " ind2=" ">
    <marcxml:subfield code="a">WBIS, accessed June 17, 2015</marcxml:subfield>
    <marcxml:subfield code="b">(hdg.: Berrettini, Pietro; other name(s): Pietro da Cortana; b. 1596, d. 1669)</marcxml:subfield>
  </marcxml:datafield>
</marcxml:record>
